<?xml version="1.0" encoding="UTF-8"?><collection xmlns="http://www.loc.gov/MARC21/slim"><record><leader>00418nam--2200133-i-4500</leader><controlfield tag="001">000003450</controlfield><controlfield tag="002">20161230</controlfield><controlfield tag="005">20161230201025</controlfield><controlfield tag="008">060222s1000------------r-----000-0-eng-d</controlfield><datafield ind1=" " ind2=" " tag="100"><subfield code="a">Becquerel, Jean</subfield></datafield><datafield ind1=" " ind2=" " tag="245"><subfield code="a">Propriete magnetiques generales de divers comp oses de elements du groupe du fer</subfield></datafield><datafield ind1=" " ind2=" " tag="260"><subfield code="a">Paris, Gauthier-villars, 1947 77 P. + 1 Pl</subfield></datafield><datafield ind1=" " ind2=" " tag="490"><subfield code="a">Memorial Des Sciences Physigues ... Fasc.49</subfield></datafield><datafield ind1=" " ind2=" " tag="852"><subfield code="a">1695</subfield></datafield></record></collection>